% @techreport{gartner,
%   author = "{Jumana  Dahleh, Sam Eckert, Chet Edelman, Katherine  Kerwin}",
%   title = "{Winners and  Losers: Gerrymandering  and the  Wisconsin Supreme Court Case }",
%   institution = {Department of Geography, University of Wisconsin - Madison},
%   month = {December},
%   year  = {2017},
%   keywords = {gerrymandering, geography}
% }

%  @misc{johnson_2021, 
%  title={Why Do Republicans Overperform In The Wisconsin State Assembly? Partisan Gerrymandering vs. Political Geography}, url={https://law.marquette.edu/facultyblog/2021/02/why-do-republicans-overperform-in-the-wisconsin-state-assembly-partisan-gerrymandering-vs-political-geography/}, 
%  journal={Marquette University Law School Faculty Blog}, 
%  publisher={Lubar Center}, 
%  author={Johnson, John}, 
%  year={2021}, 
%  month={Feb}} 

%  @misc{ticket, 
%  title={Ticket splitters: Some Wisconsin voters may cross party lines in this yearâ€™s elections}, 
%  url={https://www.channel3000.com/despite-hardened-partisanship-in-wisconsin-some-voters-may-cross-party-lines-to-support-certain-candidates/}, 
%  publisher={Madison Magazine}, 
%  author={JR Ross}, 
%  year={2020}, 
%  month={March}} 

% @article{usnews,
%     author = "Scott Bauer",
%     title = "{Wisconsin Supreme Court Weighs Competing Redistricting Maps}",
%     journal = "Associated Press",
%     year = "2022",
%     keywords = "Gill v. Whitford"
% }

% @book{kury,
%     title = {Gerrymandering - A Guide to Congressional Redistricting, Dark Money, and the U.S. Supreme Court},
%     author = {FRranklin L. Kury},
%     isbn = {9780761870265},
%     year = {2018},
%     publisher = {RowmanLittlefield},
%     keywords = {gerrymandering}
% }

% @online{us_census,
%     title = "United States Census Bureau",
%     url  = "https://www.census.gov/",
%     addendum = "(accessed: 01.15.2022)",
%     keywords = "datasets"
% }

% @online{rdh,
%     title = "Redistricting Data Hub",
%     url  = "https://redistrictingdatahub.org/",
%     addendum = "(accessed: 01.15.2022)",
%     keywords = "datasets"
% }

@online{data,
    title = "U.S. Census Bureau and U.S. Bureau of Economic Analysis, Trade Balance: Goods
    and Services, Balance of Payments Basis [BOPGSTB]",
    url  = "https://fred.stlouisfed.org/series/BOPGSTB",
    addendum = "(accessed: 05.02.2022)",
    keywords = "datasets"
}
